@article{okoacha2021logic,
	title={Logic Gates [PowerPointSlides]},
	author={Okoacha , NG},
	journal={GST 108: Introduction to Quantitative Reasoning},
	pages={1-9},
	year={2021},
	publisher={PAU e-learning}
}

@article{okoacha2021sum,
	title={Logic Gates [PowerPointSlides] -summary},
	author={Okoacha , NG},
	journal={GST 108: Introduction to Quantitative Reasoning},
	pages={20-21},
	year={2021},
	publisher={PAU e-learning}
}