@article{okoacha2021logicgates,
	title={Logic Gates [PowerPointSlides]},
	author={Okoacha , NG},
	journal={GST 108: Introduction to Quantitative Reasoning},
	pages={1--24},
	year={2021},
	publisher={PAU e-learning}
}
@article{collier1999electronically,
  title={Electronically configurable molecular-based logic gates},
  author={Collier, CP and Wong, EW and Belohradsk{\`y}, M and Raymo, FM and Stoddart, JF and Kuekes, PJ and Williams, RS and Heath, JR},
  journal={science},
  volume={285},
  number={5426},
  pages={391--394},
  year={1999},
  publisher={American Association for the Advancement of Science}
}
@article{okoacha2021logicgatesintro,
	title={Logic Gates [PowerPointSlides] - Introduction},
	author={Okoacha , NG},
	journal={GST 108: Introduction to Quantitative Reasoning},
	pages={1--6},
	year={2021},
	publisher={PAU e-learning}
}
@article{okoacha2021logicgatestypes,
	title={Logic Gates [PowerPointSlides] - Types of Logic Gates},
	author={Okoacha , NG},
	journal={GST 108: Introduction to Quantitative Reasoning},
	pages={8},
	year={2021},
	publisher={PAU e-learning}
}
@article{okoacha2021logicgatestype2,
	title={Logic Gates [PowerPointSlides] - Tables of Logic gates},
	author={Okoacha , NG},
	journal={GST 108: Introduction to Quantitative Reasoning},
	pages={9-21},
	year={2021},
	publisher={PAU e-learning}
}