@article{ Ariyibi2021,
title={Out of Control: vita di gerolamo cardano}
author={P. Scarani}
journal={Pathologics}
volume={93}
number={1501-1576}
pages={565-574}
year={2001}
}



